@article{example,
    author="Hugh Everett",
    title="THE THEORY OF THE UNIVERSAL WAVE FUNCTION",
    journal="Princeton University Press",
    year=1957,
    url="http://ucispace.lib.uci.edu/bitstream/handle/10575/1302/everett%20long%20thesis%20as%20published%201973.pdf?sequence=1",
}
