@article{leike,
    author={Jan Leike and David Krueger and Tom Everitt and Miljan Martic and Vishal Maini and Shane Legg},
    title={Scalable agent alignment via reward modeling: a research direction},
    journal={arXiv},
    year=2018,
    url={https://arxiv.org/abs/1811.07871},
}

@misc{bottle_caps,
    author={Daniel Filan},
    title={Bottle Caps Aren't Optimisers},
    year=2018,
    url={http://danielfilan.com/2018/08/31/bottle_caps_arent_optimisers.html},
}

@article{treeqn,
    title={{TreeQN} and {ATreeC}: Differentiable Tree-Structured Models for Deep Reinforcement Learning},
    author={Farquhar, Gregory and Rockt{\"a}schel, Tim and Igl, Maximilian and Whiteson, Shimon},
    journal={ICLR 2018},
    year=2018,
    url={https://arxiv.org/abs/1710.11417},
}

@article{univ_plan_net,
    title={Universal Planning Networks},
    author={Aravind Srinivas and Allan Jabri and Pieter Abbeel and Sergey Levine and Chelsea Finn},
    journal={ICML 2018},
    year=2018,
    url={https://arxiv.org/abs/1804.00645},
}

@article{grad_by_grad,
    title={Learning to learn by gradient descent by gradient descent},
    author={Marcin Andrychowicz and Misha Denil and Sergio Gomez and Matthew W. Hoffman and David Pfau and Tom Schaul and Brendan Shillingford and Nando de Freitas},
    journal={NIPS 2016},
    year=2016,
    url={https://arxiv.org/abs/1606.04474},
}

@article{rl2,
    author={Yan Duan and John Schulman and Xi Chen and Peter L. Bartlett and Ilya Sutskever and Pieter Abbeel},
    title={{RL}$^2$: Fast Reinforcement Learning via Slow Reinforcement Learning},
    journal={arXiv},
    year=2016,
    url={https://arxiv.org/abs/1611.02779},
}

@misc{arbital_daemons,
    author={Eliezer Yudkowsky},
    title={Optimization daemons},
    url={https://arbital.com/p/daemons},
}

@article{mesa,
    author={Joe Cheal},
    title={What is the Opposite of Meta?},
    journal={ANLP Acuity Vol. 2},
    url={http://www.gwiznlp.com/wp-content/uploads/2014/08/Whats-the-opposite-of-meta.pdf},
}



@misc{optpow,
    author={Eliezer Yudkowsky},
    title={Measuring Optimization Power},
    year=2008,
    url={https://www.lesswrong.com/posts/Q4hLMDrFd8fbteeZ8/measuring-optimization-power},
}

@article{alphazero,
    author={Silver, David and Hubert, Thomas and Schrittwieser, Julian and Antonoglou, Ioannis and Lai, Matthew and Guez, Arthur and Lanctot, Marc and Sifre, Laurent and Kumaran, Dharshan and Graepel, Thore and Lillicrap, Timothy and Simonyan, Karen and Hassabis, Demis},
    title={A general reinforcement learning algorithm that masters chess, shogi, and Go through self-play},
    journal={Science},
    volume=362,
    number=6419,
    pages={1140--1144},
    year=2018,
    url={https://science.sciencemag.org/content/362/6419/1140.full},
}

@article{drexler,
    author={K. E. Drexler},
    title={Reframing Superintelligence: Comprehensive AI Services as General Intelligence},
    journal={Technical Report \#2019-1, Future of Humanity Institute, University of Oxford},
    year=2019,
    url={https://www.fhi.ox.ac.uk/wp-content/uploads/Reframing_Superintelligence_FHI-TR-2019-1.1-1.pdf},
}

@article{human_models,
    author={Ramana Kumar and Scott Garrabrant},
    title={Thoughts on Human Models},
    journal={MIRI},
    year=2019,
    url={https://intelligence.org/2019/02/22/thoughts-on-human-models},
}

@misc{paul_solomonoff,
    author={Paul Christiano},
    title={What does the universal prior actually look like?},
    year=2016,
    url={https://ordinaryideas.wordpress.com/2016/11/30/what-does-the-universal-prior-actually-look-like},
}

@article{neural_tms,
    author={Alex Graves and Greg Wayne and Ivo Danihelka},
    title={Neural Turing Machines},
    journal={arXiv},
    year=2014,
    url={https://arxiv.org/abs/1410.5401},
}

@article{nn_simp_bias,
    author={Guillermo Valle-Pérez and Chico Q. Camargo and Ard A. Louis},
    title={Deep learning generalizes because the parameter-function map is biased towards simple functions},
    journal={ICLR 2019},
    year=2019,
    url={https://arxiv.org/abs/1805.08522},
}

@misc{paul_minimal_circuits,
    author={Paul Christiano},
    title={Open question: are minimal circuits daemon-free?},
    year=2018,
    url={https://www.lesswrong.com/posts/nyCHnY7T5PHPLjxmN/open-question-are-minimal-circuits-daemon-free},
}



@misc{chris,
    author={Chris van Merwijk},
    title={Development of {AI} agents as a principal-agent problem},
    year={Forthcoming in 2019},
}

@article{ibarz,
    author={Borja Ibarz and Jan Leike and Tobias Pohlen and Geoffrey Irving and Shane Legg and Dario Amodei},
    title={Reward learning from human preferences and demonstrations in {Atari}},
    journal={NeurIPS 2018},
    year=2018,
    url={https://arxiv.org/abs/1811.06521},
}

@article{adversarial_examples,
    author={Jiawei Su and Danilo Vasconcellos Vargas and Kouichi Sakurai},
    title={One pixel attack for fooling deep neural networks},
    journal={IEEE Transactions on Evolutionary Computation},
    year=2017,
    url={http://arxiv.org/abs/1710.08864},
}

@article{irl_unidentifiability,
    author={Kareem Amin and Satinder Singh},
    title={Towards Resolving Unidentifiability in Inverse Reinforcement Learning},
    journal={arXiv},
    year=2016,
    url={https://arxiv.org/abs/1601.06569},
}

@article{imagination_planners,
    author={Razvan Pascanu and Yujia Li and Oriol Vinyals and Nicolas Heess and Lars Buesing and Sebastien Racanière and David Reichert and Théophane Weber and Daan Wierstra and Peter Battaglia},
    title={Learning model-based planning from scratch},
    journal={arXiv},
    year=2017,
    url={https://arxiv.org/abs/1707.06170},
}



@article{goodhart,
    author={David Manheim and Scott Garrabrant},
    title={Categorizing Variants of {Goodhart's} Law},
    journal={arXiv},
    year=2018,
    url={https://arxiv.org/abs/1803.04585},
}

@book{superintelligence,
    author={Nick Bostrom},
    title={Superintelligence: Paths, Dangers, Strategies},
    publisher={Oxford University Press},
    year=2014,
    url={https://global.oup.com/academic/product/superintelligence-9780199678112?cc=us&lang=en&},
}

@misc{paul_doom,
    author={Paul Christiano},
    title={What failure looks like},
    year=2019,
    url={https://www.alignmentforum.org/posts/HBxe6wdjxK239zajf/more-realistic-tales-of-doom},
}

@article{corrigibility,
    author={Nate Soares and Benja Fallenstein and Eliezer Yudkowsky and Stuart Armstrong},
    title={Corrigibility},
    journal={AAAI 2015},
    year=2015,
    url={https://intelligence.org/files/Corrigibility.pdf},
}

@misc{paul_robust_corrigibility,
    author={Paul Christiano},
    title={Worst-case guarantees},
    year=2019,
    url={https://ai-alignment.com/training-robust-corrigibility-ce0e0a3b9b4d},
}

@article{absent_minded_driver,
    author={Robert J. Aumann and Sergiu Hart and Motty Perry},
    title={The Absent-Minded Driver},
    journal={Games and Economic Behavior},
    volume=20,
    pages={102--116},
    year=1997,
    url={http://www.ma.huji.ac.il/raumann/pdf/Minded%20Driver.pdf},
}



@article{learn_to_rl,
    author={Jane X Wang and Zeb Kurth-Nelson and Dhruva Tirumala and Hubert Soyer and Joel Z Leibo and Remi Munos and Charles Blundell and Dharshan Kumaran and Matt Botvinick},
    title={Learning to reinforcement learn},
    journal={CogSci},
    year=2016,
    url={https://arxiv.org/abs/1611.05763},
}

@article{concrete_problems,
    author={Dario Amodei and Chris Olah and Jacob Steinhardt and Paul Christiano and John Schulman and Dan Mané},
    title={Concrete Problems in {AI} Safety},
    journal={arXiv},
    year=2016,
    url={https://arxiv.org/abs/1606.06565},
}

@article{armstrong_preferences,
    author={Stuart Armstrong and Sören Mindermann},
    title={Occam's razor is insufficient to infer the preferences of irrational agents},
    journal={NeurIPS 2018},
    year=2017,
    url={https://arxiv.org/abs/1712.05812},
}

@article{safety_verification,
    author={Xiaowei Huang and Marta Kwiatkowska and Sen Wang and Min Wu},
    title={Safety Verification of Deep Neural Networks},
    journal={CAV 2017},
    year=2016,
    url={https://arxiv.org/abs/1610.06940},
}

@article{reluplex,
    author={Guy Katz and Clark Barrett and David Dill and Kyle Julian and Mykel Kochenderfer},
    title={Reluplex: An Efficient {SMT} Solver for Verifying Deep Neural Networks},
    journal={CAV 2017},
    year=2017,
    url={https://arxiv.org/abs/1702.01135},
}

@article{practical_verification,
    author={Kexin Pei and Yinzhi Cao and Junfeng Yang and Suman Jana},
    title={Towards Practical Verification of Machine Learning: The Case of Computer Vision Systems},
    journal={arXiv},
    year=2017,
    url={https://arxiv.org/abs/1712.01785},
}

@article{amplification,
    author={Paul Christiano and Buck Shlegeris and Dario Amodei},
    title={Supervising strong learners by amplifying weak experts},
    journal={arXiv},
    year=2018,
    url={https://arxiv.org/abs/1810.08575},
}

@article{debate,
    author={Geoffrey Irving and Paul Christiano and Dario Amodei},
    title={{AI} safety via debate},
    journal={arXiv},
    year=2018,
    url={https://arxiv.org/abs/1805.00899},
}



@misc{lesswrong_daemons,
    author={Riceissa},
    title={Optimization daemons},
    year=2018,
    url={https://wiki.lesswrong.com/wiki/Optimization_daemons},
}
